
@techreport{theworldbankSavingFishFishers2004,
	title = {Saving {Fish} and {Fishers}: {Toward} {Sustainable} and {Equitable} {Governance} of the {Global} {Fishing} {Sector}},
	url = {http://hdl.handle.net/10986/14391},
	number = {29090-GLB},
	institution = {The World Bank},
	author = {The World Bank},
	year = {2004},
	file = {290900GLB0whit1h010Fishers01public1.pdf:C\:\\Users\\sophi\\Zotero\\storage\\JU7BMIH5\\290900GLB0whit1h010Fishers01public1.pdf:application/pdf},
}
