@Manual{quadprog,
    title = {quadprog: Functions to Solve Quadratic Programming Problems},
    author = {Berwin A. Turlach and Andreas Weingessel},
    year = {2019},
    note = {R package version 1.5-8},
    url = {https://CRAN.R-project.org/package=quadprog},
  }
  
  @Article{popbio,
    author = {Chris J. Stubben and Brook G. Milligan},
    title = {Estimating and Analyzing Demographic Models Using the popbio Package in R},
    journal = {Journal of Statistical Software},
    volume = {22},
    number = {11},
    year = {2007},
  }

@Article{rage,
    title = {Rcompadre and Rage - two {R} packages to facilitate the
      use of the {COMPADRE} and {COMADRE} databases and calculation of
      life history traits from matrix population models},
    author = {Owen R. Jones and Patrick Barks and Iain M Stott and
      Tamora D James and Sam C Levin and William K Petry and Pol
      Capdevila and Judy Che-Castaldo and John Jackson and Gesa Römer
      and Caroline Schuette and Chelsea C Thomas and Roberto
      Salguero-Gómez},
    journal = {bioRxiv},
    year = {2021},
    pages = {2021.04.26.441330},
    doi = {10.1101/2021.04.26.441330},
  }